@Misc{JobDes,
  author = {\url{https://www.torproject.org/about/jobs-developer-anti-censorship.html.en}},
  title  = {Internet Freedom Nonprofit Seeks Software Developer for Anti-Censorship Team},
  author = {The Tor Project},
  year = {2018},
  urldate = {2018/09/25}
}

@Misc{Dragonfly,
  author = {\url{https://theintercept.com/2018/08/01/google-china-search-engine-censorship/}},
  title  = {Google plans to launch censored search engine in China, Leaked documents reveal},
  author = {Ryan Gallagher},
  year = {2018},
  urldate = {2018/09/25}
}

@Misc{GreatFirewallWikiEn,
  author = {\url{https://en.wikipedia.org/wiki/Great\_Firewall}},
  title  = {Great Firewall},
  author = {Wikipedia-en},
  year = {2018},
  urldate = {2018/09/25}
}

@Misc{Tor,
  author = {\url{https://www.torproject.org/}},
  title  = {The Tor Project},
  author = {The Tor Project},
  year = {2018},
  urldate = {2018/09/25}
}

@Misc{TorBridges,
  author = {\url{https://www.torproject.org/docs/bridges.html.en}},
  title  = {Tor: Bridges},
  author = {The Tor Project},
  year = {2018},
  urldate = {2018/09/26}
}

@Misc{GoldenShieldProjectWikiEn,
  author = {\url{https://en.wikipedia.org/wiki/Golden\_Shield\_Project}},
  title  = {Golden Shield Project},
  author = {Wikipedia-en},
  year = {2018},
  urldate = {2018/09/25}
}

@Misc{InternetCensorshipInChinaWikiEn,
  author = {\url{https://en.wikipedia.org/wiki/Internet\_censorship\_in\_China}},
  title  = {Internet censorship in China},
  author = {Wikipedia-en},
  year = {2018},
  urldate = {2018/09/25}
}

@inproceedings{foci12-winter,
  title = {{How the Great Firewall of China is blocking Tor}}, 
  author = {Philipp Winter and Stefan Lindskog}, 
  booktitle = {Proceedings of the USENIX Workshop on Free and Open Communications on the
        Internet (FOCI 2012)}, 
  year = {2012}, 
  month = {August}, 
  www_tags = {selected}, 
  www_pdf_url = {https://www.usenix.org/system/files/conference/foci12/foci12-final2.pdf}, 
  www_section = {Communications Censorship}, 
}

@article{Ensafi2015AnalyzingTG,
  title={Analyzing the Great Firewall of China Over Space and Time},
  author={Roya Ensafi and Philipp Winter and Abdullah Mueen and Jedidiah R. Crandall},
  journal={PoPETs},
  year={2015},
  volume={2015},
  pages={61-76}
}

@Misc{TorPluggableTransports,
  author = {\url{https://www.torproject.org/docs/pluggable-transports.html.en}},
  title  = {Tor: Pluggable Transports},
  author = {The Tor Project},
  year = {2018},
  urldate = {2018/09/26}
}

%TODO: author
@Misc{TLS_v1_2,
  author = {\url{https://tools.ietf.org/html/rfc5246}},
  title  = {The Transport Layer Security (TLS) Protocol, Version 1.2},
  author = {},
  year = {2008},
  urldate = {2018/09/27}
}

%TODO: author
@Misc{TLS_v1_3,
  author = {\url{https://tools.ietf.org/html/rfc8446}},
  title  = {The Transport Layer Security (TLS) Protocol, Version 1.3},
  author = {},
  year = {2018},
  urldate = {2018/09/28}
}

@Misc{TorWikiAChildsGardenOfPluggableTransports,
  author = {\url{https://trac.torproject.org/projects/tor/wiki/doc/AChildsGardenOfPluggableTransports}},
  title  = {A Childs Garden Of Pluggable Transports},
  author = {The Tor Project},
  year = {2016},
  urldate = {2018/09/27}
}
